<?xml version="1.0" encoding="UTF-8"?><collection xmlns="http://www.loc.gov/MARC21/slim"><record><leader>00318nam--2200109-i-4500</leader><controlfield tag="001">000043097</controlfield><controlfield tag="002">20161230</controlfield><controlfield tag="005">20161230201043</controlfield><controlfield tag="008">060222s1000------------r-----000-0-eng-d</controlfield><datafield ind1=" " ind2=" " tag="245"><subfield code="a">Suggested procedures for collection of fallout samples</subfield></datafield><datafield ind1=" " ind2=" " tag="260"><subfield code="a">Washington, U.N.Scint Comm.Of Atomic Radiation, 1956. P.Dif</subfield></datafield><datafield ind1=" " ind2=" " tag="852"><subfield code="a">12233</subfield></datafield></record></collection>